@article{prive2021optimal,
	title={Optimal Linkage Disequilibrium Splitting},
	author={Priv{\'e}, Florian},
	journal={bioRxiv},
	year={2021},
	publisher={Cold Spring Harbor Laboratory}
}

@article{kulm2021systematic,
	title={A systematic framework for assessing the clinical impact of polygenic risk scores},
	author={Kulm, Scott and Marderstein, Andrew and Mezey, Jason and Elemento, Olivier},
	journal={medRxiv},
	pages={2020--04},
	year={2021},
	publisher={Cold Spring Harbor Laboratory Press}
}

@article{pain2020evaluation,
	title={Evaluation of polygenic prediction methodology within a Reference-Standardized framework},
	author={Pain, Oliver and Glanville, Kylie Patricia and Hagenaars, Saskia P and Selzam, Saskia P and F{\"u}rtjes, Anna E and Gaspar, H{\'e}l{\'e}na Alexandra and Coleman, Jonathan RI and Rimfeld, Kaili and Breen, Gerome and Plomin, Robert and others},
	journal={bioRxiv},
	year={2020},
	publisher={Cold Spring Harbor Laboratory}
}

@article{prive2021high,
	title={High-resolution portability of 245 polygenic scores when derived and applied in the same cohort},
	author={Priv{\'e}, Florian and Aschard, Hugues and Carmi, Shai and Folkersen, Lasse and Hoggart, Clive and O'Reilly, Paul F and Vilhj{\'a}lmsson, Bjarni J},
	journal={medRxiv},
	year={2021},
	publisher={Cold Spring Harbor Laboratory Press}
}

@article{prive2020ldpred2,
	author = {Priv{\'e}, Florian and Arbel, Julyan and Vilhj{\'a}lmsson, Bjarni J},
	title = "{{LDpred2}: better, faster, stronger}",
	journal = {Bioinformatics},
	volume = {36},
	number = {22-23},
	pages = {5424-5431},
	year = {2020},
	month = {12},
	issn = {1367-4803},
	doi = {10.1093/bioinformatics/btaa1029},
	url = {https://doi.org/10.1093/bioinformatics/btaa1029},
	eprint = {https://academic.oup.com/bioinformatics/article-pdf/36/22-23/5424/36855826/btaa1029\_supplementary\_data.pdf},
}

@article{bengtsson2020unifying,
	title={A Unifying Framework for Parallel and Distributed Processing in {R} using Futures},
	author={Bengtsson, Henrik},
	journal={arXiv preprint arXiv:2008.00553},
	year={2020}
}

@article{wickham2019welcome,
	title={Welcome to the Tidyverse},
	author={Wickham, Hadley and Averick, Mara and Bryan, Jennifer and Chang, Winston and McGowan, Lucy D'Agostino and Fran{\c{c}}ois, Romain and Grolemund, Garrett and Hayes, Alex and Henry, Lionel and Hester, Jim and others},
	journal={Journal of Open Source Software},
	volume={4},
	number={43},
	pages={1686},
	year={2019}
}

@article{prive2020efficient,
	title={Efficient toolkit implementing best practices for principal component analysis of population genetic data},
	author={Priv{\'e}, Florian and Luu, Keurcien and Blum, Michael GB and McGrath, John J and Vilhj{\'a}lmsson, Bjarni J},
	journal={Bioinformatics},
	volume={36},
	number={16},
	pages={4449--4457},
	year={2020},
	publisher={Oxford University Press}
}

@article{ge2019polygenic,
	title={Polygenic prediction via {Bayesian} regression and continuous shrinkage priors},
	author={Ge, Tian and Chen, Chia-Yen and Ni, Yang and Feng, Yen-Chen Anne and Smoller, Jordan W},
	journal={Nature Communications},
	volume={10},
	number={1},
	pages={1776},
	year={2019},
	publisher={Nature Publishing Group}
}

@article{bycroft2018uk,
	title={The {UK Biobank} resource with deep phenotyping and genomic data},
	author={Bycroft, Clare and Freeman, Colin and Petkova, Desislava and Band, Gavin and Elliott, Lloyd T and Sharp, Kevin and Motyer, Allan and Vukcevic, Damjan and Delaneau, Olivier and O'Connell, Jared and others},
	journal={Nature},
	volume={562},
	number={7726},
	pages={203--209},
	year={2018},
	publisher={Nature Publishing Group}
}

@article{mak2017polygenic,
	title={Polygenic scores via penalized regression on summary statistics},
	author={Mak, Timothy Shin Heng and Porsch, Robert Milan and Choi, Shing Wan and Zhou, Xueya and Sham, Pak Chung},
	journal={Genetic epidemiology},
	volume={41},
	number={6},
	pages={469--480},
	year={2017},
	publisher={Wiley Online Library}
}

@article{prive2019making,
	title={Making the most of Clumping and Thresholding for polygenic scores},
	author={Priv{\'e}, Florian and Vilhj{\'a}lmsson, Bjarni J and Aschard, Hugues and Blum, Michael G. B.},
	journal={The American Journal of Human Genetics},
	volume={105},
	number={6},
	pages={1213--1221},
	year={2019},
	publisher={Elsevier}
}

@article{lloyd2019improved,
	title={Improved polygenic prediction by {Bayesian} multiple regression on summary statistics},
	author={Lloyd-Jones, Luke R and Zeng, Jian and Sidorenko, Julia and Yengo, Lo{\"\i}c and Moser, Gerhard and Kemper, Kathryn E and Wang, Huanwei and Zheng, Zhili and Magi, Reedik and Esko, Tonu and others},
	journal={Nature Communications},
	volume={10},
	number={1},
	pages={1--11},
	year={2019},
	publisher={Nature Publishing Group}
}

@article{prive2017efficient,
author = {Priv{\'e}, Florian and Aschard, Hugues and Ziyatdinov, Andrey and Blum, Michael G B},
title = {Efficient analysis of large-scale genome-wide data with two {R} packages: bigstatsr and bigsnpr},
journal = {Bioinformatics},
volume = {34},
number = {16},
pages = {2781-2787},
year = {2018},
doi = {10.1093/bioinformatics/bty185},
URL = {http://dx.doi.org/10.1093/bioinformatics/bty185},
eprint = {/oup/backfile/content_public/journal/bioinformatics/34/16/10.1093_bioinformatics_bty185/1/bty185.pdf}
}
